<record><leader>00000cas a22000007a 4500</leader><controlfield tag="001">17436682</controlfield><controlfield tag="008">880205u19uuuuuutxuwr ne      0    0eng d</controlfield><datafield ind1=" " ind2=" " tag="010"><subfield code="a">sn 88083238 </subfield></datafield><datafield ind1=" " ind2=" " tag="040"><subfield code="a">PPM</subfield><subfield code="b">eng</subfield><subfield code="c">PPM</subfield><subfield code="d">OCLCQ</subfield></datafield><datafield ind1=" " ind2=" " tag="042"><subfield code="a">msc</subfield></datafield><datafield ind1="0" ind2="4" tag="245"><subfield code="a">The Montague County times.</subfield></datafield><datafield ind1=" " ind2=" " tag="260"><subfield code="a">Bowie, Tex. :</subfield><subfield code="b">Poe B. Vandament &amp; Tom Daniel</subfield></datafield><datafield ind1=" " ind2=" " tag="310"><subfield code="a">Weekly</subfield></datafield><datafield ind1=" " ind2=" " tag="588"><subfield code="a">Description based on: Vol. 43, no. 38 (Feb. 23, 1951).</subfield></datafield><datafield ind1=" " ind2=" " tag="752"><subfield code="a">United States</subfield><subfield code="b">Texas</subfield><subfield code="c">Montague</subfield><subfield code="d">Bowie.</subfield></datafield><datafield ind1="1" ind2=" " tag="029"><subfield code="a">AU@</subfield><subfield code="b">000025797231</subfield></datafield></record>